<?xml version="1.0" encoding="UTF-8"?><collection xmlns="http://www.loc.gov/MARC21/slim"><record><leader>00553nam--2200193-u-4500</leader><controlfield tag="001">000053769</controlfield><controlfield tag="002">20161230</controlfield><controlfield tag="005">20161230201051</controlfield><controlfield tag="008">110617s1000------------r-----000-0-rus-d</controlfield><datafield ind1=" " ind2=" " tag="040"><subfield code="a">IFIN-HH</subfield></datafield><datafield ind1=" " ind2=" " tag="041"><subfield code="a">rus</subfield></datafield><datafield ind1=" " ind2=" " tag="080"><subfield code="a">539.133.43:537.6</subfield></datafield><datafield ind1="1" ind2=" " tag="100"><subfield code="a">Borovik, E.S</subfield></datafield><datafield ind1="1" ind2="0" tag="245"><subfield code="a">Lektii po mgnetizmu</subfield><subfield code="b">Izdanie vtoroe pererabotannoe i dopolnennoe</subfield><subfield code="c">E.s. borovik; a.s. milner; v.v. epemenko</subfield></datafield><datafield ind1=" " ind2=" " tag="260"><subfield code="a">Harkov</subfield><subfield code="b">Harkovskogo Univeristeta</subfield><subfield code="c">1972</subfield></datafield><datafield ind1=" " ind2=" " tag="300"><subfield code="a">248P</subfield></datafield><datafield ind1="1" ind2=" " tag="700"><subfield code="a">Epemenko, V.V</subfield></datafield><datafield ind1=" " ind2=" " tag="852"><subfield code="a">37926</subfield><subfield code="c">537:538</subfield></datafield><datafield ind1=" " ind2=" " tag="CAT"><subfield code="a">Sys</subfield><subfield code="c">20110617</subfield><subfield code="h">134214</subfield></datafield></record></collection>